@thesis{Vega,
    author    = {Juan J. Vega},
    title     = {Relatividad en Variables de Conexi\'{o}n},
    school    = {Universidad Nacional Autónoma de México},
    type      = {diploma thesis},
    address   = {},
    year      = {2011},
    month     = {},
    note      = {},
}

@book{BojowaldBBB,
   title =     {Antes del Big Bang: Una historia completa del universo.},
   author =    {Martin Bojowald},
   publisher = {Debate Editorial},
   isbn =      {8483068486,978-8483068489},
   year =      {2009},
   series =    {},
   edition =   {Primera edici\'{o}n en espa\~{n}ol},
   volume =    {},
   pages = {}
}

@book{Poisson,
   title =     {An advanced course in general relativity.},
   author =    {Eric Poisson},
   publisher = {Department of Physics University of Guelph},
   isbn =      {},
   year =      {2002},
   series =    {},
   edition =   {Draft},
   volume =    {},
   pages = {}
}

@book{Wald,
   title =     {General Relativity.},
   author =    {Robert M. Wald},
   publisher = {The University of Chicago Press Chicago and London},
   isbn =      {0-226-87033-2},
   year =      {1984},
   series =    {},
   edition =   {First},
   volume =    {},
   pages = {}
}

@book{Baez,
   title =     {Gauge Fields, Knots and Gravity (Series on Knots and Everything)},
   author =    {John C. Baez and Javier P. Muniain},
   publisher = {World Scientific Publishing Company},
   isbn =      {9789810217297,9810217293,9810220340},
   year =      {1994},
   series =    {Series on Knots and Everything},
}

@book{Borel,
   title =     {Linear Algebraic Groups)},
   author =    {Armand Borel},
   publisher = {Springer},
   isbn =      {0-387-97370-2},
   year =      {1969},
   series =    {Graduate texts in mathematics; 126},
}

@book{Warner,
   title =     {Foundations of Differentiable Manifolds and Lie Groups},
   author =    {Frank Wilson Warner},
   publisher = {Springer},
   isbn =      {0387908943},
   year =      {1983},
   series =    {Graduate texts in mathematics; 94},
}

@book{Dieck,
   title =     {Transformation Groups},
   author =    {Tammo tom Dieck},
   publisher = {Walter de Gruyter, Berlin - New York},
   isbn =      {3110097451},
   year =      {1987},
   series =    {De Gruyter studies in mathematics; 8},
}

@book{Kobayashi,
   title =     {Foundations of Differential Geometry Vol. I},
   author =    {Shoshichi Kobayashi and Katsumi Nomizu},
   publisher = {Interscience Publishers a division of John Wiley \& Sons, New York - London},
   isbn =      {9780471157335},
   year =      {1963},
   series =    {},
}

@book{Kobayashi2,
   title =     {Foundations of Differential Geometry Vol. II},
   author =    {Shoshichi Kobayashi and Katsumi Nomizu},
   publisher = {Interscience Publishers a division of John Wiley \& Sons, New York - London},
   isbn =      {0470496487},
   year =      {1969},
   series =    {},
}

@book{Choquet,
   title =     {Analysis, manifolds, and physics, Part I: Basics},
   author =    {Yvonne Choquet-Bruhat, Cecile Dewitt-Moretteu},
   publisher = {North Holland},
   isbn =      {978-0444860170},
   year =      {1982},
   series =    {},
}

@article{Einstein,
  author =       {Albert Einstein},
  title =        {Die Feldgleichungen der Gravitation},
  journal =      {K\"{o}niglich Preussische Akademie der Wissenschaften},
  volume =       {},
  number =       {},
  pages =        {844--847},
  year =         {1915},
  DOI =          {}
 }

@article{Sen1,
  author =       {Amitabha Sen},
  title =        {Gravity as Spin system},
  journal =      {Physics Letters},
  volume =       {119B},
  number =       {16},
  pages =        {89--91},
  year =         {1982},
  DOI =          {}
}

@article{Sen2,
  author =       {Amitabha Sen},
  title =        {Quantum theory of spin 3/2-field in Einstein spaces},
  journal =      {Int J Theor Phys},
  volume =       {21},
  number =       {1},
  pages =        {},
  year =         {1982},
  DOI =          {}
}
   
@article{Ashtekar86,
  author =       {Abhay Ashtekar},
  title =        {New Variables for Classical and Quantum Gravity},
  journal =      {Physical Review Letters},
  volume =       {57},
  number =       {18},
  pages =        {2244--2247},
  year =         {1986},
  DOI =          {}
}

@article{Ashtekar87,
  author =       {Abhay Ashtekar},
  title =        {New Hamiltonian formulation of general relativity},
  journal =      {Physical Review D},
  volume =       {36},
  number =       {6},
  pages =        {1587--1602},
  year =         {1987},
  DOI =          {}
}

@article{Barbero,
  author =       {J. Barbero},
  title =        {Real Ashtekar variables for Lorentzian signature space-times},
  journal =      {Physical Review},
  volume =       {D51},
  number =       {10},
  pages =        {5507--5510},
  year =         {1995},
  DOI =          {}
}

@article{Immirzi,
  author =       {Giorgio Immirzi},
  title =        {Quantum Gravity and Regge Calculus},
  journal =      {Nucl. Phys. Proc. Suppl.},
  volume =       {57},
  number =       {65},
  pages =        {},
  year =         {1997},
  DOI =          {}
}

@article{RovelliThiemann,
  author =       {C. Rovelli and T. Thiemann},
  title =        {Immirzi parameter in quantum general relativity},
  journal =      {Physics Review},
  volume =       {D57},
  number =       {},
  pages =        {1009},
  year =         {1998},
  DOI =          {}
}

@article{Bojowald2005,
  author = {Bojowald, Martin},
  title = {Loop Quantum Cosmology},
  journal = {Living Reviews in Relativity},
  volume = {8},
  number = {1},
  pages = {11},
  year = {2005},
  DOI = {10.12942/lrr-2005-11}
 }
 
 @article{Bojowald2000,
  author = {Bojowald, Martin},
  title = {Loop quantum cosmology: I. Kinematics},
  journal = {Classical and Quantum Gravity},
  volume = {17},
  number = {6},
  pages = {1489},
  year = {2000},
  url={http://stacks.iop.org/0264-9381/17/i=6/a=312},
  DOI = {10.1088/0264-9381/17/6/312}
 }
 
  @article{Bojowald2013,
  author = {Bojowald, Martin},
  title = {Mathematical Structure of Loop Quantum Cosmology: Homogeneous Models},
  journal = {Symmetry, Integrability and Geometry: Methods and Applications},
  volume = {9},
  number = {82},
  pages = {43},
  year = {2012},
  month = {06},
  url={http://dx.doi.org/10.3842/SIGMA.2013.082},
  DOI = {10.3842/SIGMA.2013.082}
 }
 
 @article{Bojowald2002,
 author = {Bojowald, Martin},
  year = {2002},
 month = {02},
 pages = {},
 title = {Isotropic Loop Quantum Cosmology},
 volume = {19},
 journal = {Classical and Quantum Gravity},
 doi = {10.1088/0264-9381/19/10/313}
}

@article{Kastrup,
 author = {Bojowald, M and Kastrup, H},
 year = {2000},
 month = {07},
 pages = {3009},
 title = {Symmetry reduction for quantized diffeomorphism-invariant theories of connections},
 volume = {17},
 journal = {Classical and Quantum Gravity},
 doi = {10.1088/0264-9381/17/15/311}
}
 
  @article{Brodbeck,
  author = {Othmar Brodbeck},
  title = {On Symmetric Gauge Fields for arbitrary Gauge and Symmetry Groups},
  journal = {Helvetica Physica Acta},
  volume = {69},
  number = {},
  pages = {321--324},
  year = {1996},
  url={arXiv:gr-qc/9610024},
  DOI = {}
 }
 
